<?xml version="1.0" encoding="UTF-8"?><collection xmlns="http://www.loc.gov/MARC21/slim"><record><leader>00356nam--2200133-i-4500</leader><controlfield tag="001">000048010</controlfield><controlfield tag="002">20161230</controlfield><controlfield tag="005">20161230201046</controlfield><controlfield tag="008">060222s1000------------r-----000-0-eng-d</controlfield><datafield ind1=" " ind2=" " tag="080"><subfield code="a">624:518.1</subfield></datafield><datafield ind1=" " ind2=" " tag="100"><subfield code="a">Zienkiewicz, O.C</subfield></datafield><datafield ind1=" " ind2=" " tag="245"><subfield code="a">La methode des elements finis. appliquee a l`art de l`ingenieur</subfield></datafield><datafield ind1=" " ind2=" " tag="260"><subfield code="a">Paris, Ediscience, 1973, 533p</subfield></datafield><datafield ind1=" " ind2=" " tag="852"><subfield code="a">40750</subfield></datafield></record></collection>